

@misc{3,
  title={Statistical Mechanics (A set of lectures by RP Feynman, notes taken by R. Kikuchi and HA Feiveson, edited by J. Shaham)},
  author={Feynman, RP and others},
  year={1972},
  publisher={WA Benjamin, Reading, Mass}
}